@misc{Metis, 
	title={METIS - Serial Graph Partitioning and Fill-reducing Matrix Ordering}, 
	author={G. Karypis}, 
	howpublished={\url{https://github.com/KarypisLab/METIS}}
}
@misc{
	Course,
	title={A short course on: Preconditioned Krylov subspace methods}, 
	author={Y. Saad}, 
	howpublished={\url{https://www-users.cs.umn.edu/~saad/Calais/PREC.pdf}}
}
@book{Iter, 
	author={Y. Saad}, 
	title={Iterative Methods for Sparse	Linear Systems}, 
	publisher={Society for Industrial and Applied Mathematics},  
	year={2003}, 
}
@article{SLR, 
	title={Schur complement-based domain decomposition preconditioners
	with low-rank corrections}, 
	author={R. Li, Y.Xi, and Y. Saad}, 
	journal={Numerical Linear Algebra with Applications}, 
	year={2016}, 
	volume={26},
	pages={706-729}
}
@article{MLR, 
	title={Divide And Conquer Low-Rank Preconditioners For Symmetric Matrices}, 
	author={R. Li and Y. Saad}, 
	journal={SIAM Journal on Scientific Computing},
	volume={35}, 
	number={4}, 
	pages={A2069-A2095},
	year={2013},
}
@article{Sparse, 
	title={feGRASS: Fast and Effective Graph Spectral Sparsification 	for Scalable Power Grid Analysis}, 
	author={Z. Liu, W. Yu, and Z.Feng}, 
	journal={IEEE Transactions on Computer-Aided Design of Integrated Circuits and Systems},
}
@article{Test,
	title = {The University of Florida Sparse Matrix Collection},
	author = {T.A. Davis, and Y. Hu},
	journal={ACM Transactions on Mathematical Software},
	publisher = {Association for Computing Machinery},
	volume = {38},
	number = {1},
	issn = {0098-3500},
	doi = {10.1145/2049662.2049663},
	year = {2011},
}
